@misc{matlabcode,
  author = {Claudio Vellage},
  title = {{Insert an image in LaTeX - Adding a figure or picture}},
  howpublished = "\url{https://www.latex-tutorial.com/tutorials/figures/}",
  year = {2017}
}

@misc{matlabvid,
  author = {Chandra Has},
  title = {{How to Import Matlab Code and Graphics in LaTeX (Latex Advanced Tutorial-14)}},
  howpublished = "\url{https://www.youtube.com/watch?v=WLqVLNzIN9E}",
  year = {2017}
}
  
  
@misc{matplotlibcode,
  author = {Kjell Magne Fauske},
  title = {{Embedding Python in LaTeX}},
  howpublished = "\url{http://www.texample.net/weblog/2008/oct/24/embedding-python-latex/}",
  year = {2008}
}

@misc{matplotlibcoursera,
  author = {Christopher Brooks},
  title = {{Applied Plotting, Charting Data Representation in Python, University of Michigan}},
  howpublished = "\url{https://www.coursera.org/learn/python-plotting/home/welcome}",
  year = {2008}
}

@misc{matplotlibtool,
  author = {matplotlib},
  title = {{Matplotlib Library APIs}},
  howpublished = "\url{https://matplotlib.org/tutorials/index.html}",
  year = {April 08, 2020}
}

@misc{matlabtool,
  author = {MathWorks},
  title = {{MathWorks Matlab}},
  howpublished = "\url{https://www.mathworks.com/products/matlab.html}"
}

@misc{latextool,
  author = {Donald E. Knuth},
  title = {{LaTeX â€“ A document preparation system}},
  howpublished = "\url{https://www.latex-project.org/}"
}